@inproceedings{lucey2010extended,
	title={The extended cohn-kanade dataset (ck+): A complete dataset for action unit and emotion-specified expression},
	author={Lucey, Patrick and Cohn, Jeffrey F and Kanade, Takeo and Saragih, Jason and Ambadar, Zara and Matthews, Iain},
	booktitle={2010 IEEE Computer Society Conference on Computer Vision and Pattern Recognition-Workshops},
	pages={94--101},
	year={2010},
	organization={IEEE}
}

@article{carrier2013fer,
	title={FER-2013 face database},
	author={Carrier, Pierre-Luc and Courville, Aaron and Goodfellow, Ian J and Mirza, Medhi and Bengio, Yoshua},
	journal={Technical report},
	year={2013}
}

@article{simonyan2014very,
	title={Very deep convolutional networks for large-scale image recognition},
	author={Simonyan, Karen and Zisserman, Andrew},
	journal={arXiv preprint arXiv:1409.1556},
	year={2014}
}

@inproceedings{he2016deep,
	title={Deep residual learning for image recognition},
	author={He, Kaiming and Zhang, Xiangyu and Ren, Shaoqing and Sun, Jian},
	booktitle={Proceedings of the IEEE conference on computer vision and pattern recognition},
	pages={770--778},
	year={2016}
}

@inproceedings{szegedy2016rethinking,
	title={Rethinking the inception architecture for computer vision},
	author={Szegedy, Christian and Vanhoucke, Vincent and Ioffe, Sergey and Shlens, Jon and Wojna, Zbigniew},
	booktitle={Proceedings of the IEEE conference on computer vision and pattern recognition},
	pages={2818--2826},
	year={2016}
}

@inproceedings{szegedy2017inception,
	title={Inception-v4, inception-resnet and the impact of residual connections on learning},
	author={Szegedy, Christian and Ioffe, Sergey and Vanhoucke, Vincent and Alemi, Alexander A},
	booktitle={Thirty-First AAAI Conference on Artificial Intelligence},
	year={2017}
}

@article{burkert2015dexpression,
	title={Dexpression: Deep convolutional neural network for expression recognition},
	author={Burkert, Peter and Trier, Felix and Afzal, Muhammad Zeshan and Dengel, Andreas and Liwicki, Marcus},
	journal={arXiv preprint arXiv:1509.05371},
	year={2015}
}